@misc{stl,
	title = "Standard Template Library Programmer's Guide",
	howpublished    = "\url{http://www.sgi.com/tech/stl/}",
}